@inproceedings{Kelley1959,
	author = {James E. Kelley and Morgan R. Walker},
	booktitle = {Papers presented at the December 1-3, 1959, eastern joint IRE-AIEE-ACM computer conference on - IRE-AIEE-ACM '59 (Eastern)},
	title = {Critical-path planning and scheduling},
	publisher = {ACM Press},
	address = {New York, New York, USA},
	year = {1959},
	pages = {160-173},
	urldate = {2023-07-19},
	doi = {10.1145/1460299.1460318},
	url = {http://portal.acm.org/citation.cfm?doid=1460299.1460318},
}

@book{Fiala2008,
	author = {Petr Fiala},
	title = {Řízení projektů},
	publisher = {Oeconomica},
	address = {Praha},
	year = {2008},
	edition = {2nd ed.},
	isbn = {9788024514130},
}

